@article{synthesis-lecture,
  title={Super resolution of images and video},
  author={Katsaggelos, Aggelos K and Molina, Rafael and Mateos, Javier},
  journal={Synthesis Lectures on Image, Video, and Multimedia Processing},
  volume={1},
  number={1},
  pages={1--134},
  year={2007},
  doi={https://doi.org/10.2200/S00036ED1V01Y200606IVM007},
  url={https://www.morganclaypool.com/doi/abs/10.2200/S00036ED1V01Y200606IVM007},
  publisher={Morgan \& Claypool Publishers}
}

@article{survey,
  title={Video super resolution based on deep learning: A comprehensive survey},
  author={Liu, Hongying and Ruan, Zhubo and Zhao, Peng and Dong, Chao and Shang, Fanhua and Liu, Yuanyuan and Yang, Linlin},
  journal={arXiv preprint arXiv:2007.12928},
  url={https://arxiv.org/abs/2007.12928},
  year={2020}
}

@article{FLASH,
title = {Extensible component-based architecture for FLASH, a massively parallel, multiphysics simulation code},
journal = {Parallel Computing},
volume = {35},
number = {10},
pages = {512-522},
year = {2009},
issn = {0167-8191},
doi = {https://doi.org/10.1016/j.parco.2009.08.001},
url = {https://www.sciencedirect.com/science/article/pii/S0167819109000945},
author = {Anshu Dubey and Katie Antypas and Murali K. Ganapathy and Lynn B. Reid and Katherine Riley and Dan Sheeler and Andrew Siegel and Klaus Weide},
keywords = {Software architecture, Portability, Extensibility, Massively parallel, FLASH}
}

@article{supernova-simulation,
	doi = {10.1088/0004-637x/778/2/181},
	url = {https://doi.org/10.1088/0004-637x/778/2/181},
	year = 2013,
	month = {11},
	publisher = {American Astronomical Society},
	volume = {778},
	number = {2},
	pages = {181},
	author = {Sean M. Couch and Carlo Graziani and Norbert Flocke},
	title = {An Improved Multiple Approximation For Self-Gravity and Its Importance for Core-Collapse Supernova Simulations},
	journal = {The Astrophysical Journal}
}

@misc{ZEUS-homepage,
 title={Stone's Zeus Code Home Page},
 url={https://www.astro.princeton.edu/~jstone/zeus.html},
 journal={Princeton University},
 author={Stone, James M}
}

@misc{FLASH-userguide,
 title = {FLASH User's Guide},
 url = {https://flash.rochester.edu/site/flashcode/user_support/flash4_ug_4p62/},
 year = 2019,
 month = 10,
 journal = {Rochester University},
}

@misc{FLASH-gallery,
 title = {FLASH Center for Computational Science},
 url = {https://flash.rochester.edu/site/gallery/},
 journal = {Rochester University},
}
                  
@misc{Athena-gallery,
 title = {Athena Applications Page},
 url = {https://www.astro.princeton.edu/~jstone/Athena/athena-apps/index.html},
 journal={Princeton University},
 author={Stone, James M}
}

@manual{Athena-userguide,
  title = {Athena Documentation: User Guide},
 journal={Princeton University},
}

@manual{Athenapp-userguide,
  title        = {Athena++: User Guide},
journal={Princeton University},
}

@article{PLUTO-paper,
       author = {{Mignone}, A. and {Bodo}, G. and {Massaglia}, S. and {Matsakos}, T. and {Tesileanu}, O. and {Zanni}, C. and {Ferrari}, A.},
        title = "{{PLUTO}: A Numerical Code for Computational Astrophysics}",
      journal = {The Astrophysical Journal Supplement Series},
     keywords = {Hydrodynamics, Methods: Numerical, Magnetohydrodynamics: MHD, Relativity, Shock Waves, Astrophysics},
         year = 2007,
        month = {5},
       volume = {170},
       number = {1},
        pages = {228-242},
          doi = {10.1086/513316},
archivePrefix = {arXiv},
       eprint = {astro-ph/0701854},
 primaryClass = {astro-ph},
       adsurl = {https://ui.adsabs.harvard.edu/abs/2007ApJS..170..228M},
      adsnote = {Provided by the SAO/NASA Astrophysics Data System}
}

@ARTICLE{GADGET-paper,
       author = {{Springel}, Volker},
        title = {The cosmological simulation code {GADGET}-2},
      journal = {Monthly Notices of the Royal Astronomical Society},
     keywords = {methods: numerical, galaxies: interactions, dark matter, Astrophysics},
         year = 2005,
        month = 12,
       volume = {364},
       number = {4},
        pages = {1105-1134},
          doi = {10.1111/j.1365-2966.2005.09655.x},
archivePrefix = {arXiv},
       eprint = {astro-ph/0505010},
 primaryClass = {astro-ph},
       adsurl = {https://ui.adsabs.harvard.edu/abs/2005MNRAS.364.1105S},
      adsnote = {Provided by the SAO/NASA Astrophysics Data System}
}
                  
@manual{Enzo-userguide,
  title = {Welcome to Enzo's documentation!},
 journal = {The Enzo Project},
 url = {https://enzo.readthedocs.io/en/enzo-2.4/index.html}
}

@manual{Enzo-examples,
  title = {Sample inits and Enzo parameter files},
 journal = {The Enzo Project},
 url = {https://enzo.readthedocs.io/en/enzo-2.4/tutorials/SampleParameterFiles.html}
}
                  
@ARTICLE{Enzo-paper,
       author = {{O'Shea}, Brian W. and {Bryan}, Greg and {Bordner}, James and {Norman}, Michael L. and {Abel}, Tom and {Harkness}, Robert and {Kritsuk}, Alexei},
        title = "{Introducing Enzo, an AMR Cosmology Application}",
      journal = {arXiv e-prints},
     keywords = {Astrophysics},
         year = 2004,
        month = 3,
          eid = {astro-ph/0403044},
        pages = {astro-ph/0403044},
archivePrefix = {arXiv},
       eprint = {astro-ph/0403044},
 primaryClass = {astro-ph},
       adsurl = {https://ui.adsabs.harvard.edu/abs/2004astro.ph..3044O},
      adsnote = {Provided by the SAO/NASA Astrophysics Data System}
}
                  
@misc{superresolving-halos,
Author = {David Schaurecker and Yin Li and Jeremy Tinker and Shirley Ho and Alexandre Refregier},
Title = {Super-resolving Dark Matter Halos using Generative Deep Learning},
Year = {2021},
Eprint = {arXiv:2111.06393},
}
                  
@article{Illustris,
title = {The {I}llustris simulation: Public data release},
journal = {Astronomy and Computing},
volume = {13},
pages = {12-37},
year = {2015},
month = 9,
day = 30,
issn = {2213-1337},
doi = {https://doi.org/10.1016/j.ascom.2015.09.003},
url = {https://www.sciencedirect.com/science/article/pii/S2213133715000864},
author = {D. Nelson and A. Pillepich and S. Genel and M. Vogelsberger and V. Springel and P. Torrey and V. Rodriguez-Gomez and D. Sijacki and G.F. Snyder and B. Griffen and F. Marinacci and L. Blecha and L. Sales and D. Xu and L. Hernquist}
}
                  

@article{Arepo,
title={Moving-mesh hydrodynamics with the {AREPO} code},
volume={6},
DOI={10.1017/S1743921311000378},
number={S270},
journal={Proceedings of the International Astronomical Union},
publisher={Cambridge University Press},
author={Springel, Volker},
year={2010},
pages={203â€“206}
}

