@article{synthesis-lecture,
  title={Super resolution of images and video},
  author={Katsaggelos, Aggelos K and Molina, Rafael and Mateos, Javier},
  journal={Synthesis Lectures on Image, Video, and Multimedia Processing},
  volume={1},
  number={1},
  pages={1--134},
  year={2007},
  doi={https://doi.org/10.2200/S00036ED1V01Y200606IVM007},
  url={https://www.morganclaypool.com/doi/abs/10.2200/S00036ED1V01Y200606IVM007},
  publisher={Morgan \& Claypool Publishers}
}

@article{survey,
  title={Video super resolution based on deep learning: A comprehensive survey},
  author={Liu, Hongying and Ruan, Zhubo and Zhao, Peng and Dong, Chao and Shang, Fanhua and Liu, Yuanyuan and Yang, Linlin},
  journal={arXiv},
  url={https://arxiv.org/abs/2007.12928},
  year={2020}
}

@article{FLASH,
title = {Extensible component-based architecture for FLASH, a massively parallel, multiphysics simulation code},
journal = {Parallel Computing},
volume = {35},
number = {10},
pages = {512-522},
year = {2009},
issn = {0167-8191},
doi = {https://doi.org/10.1016/j.parco.2009.08.001},
url = {https://www.sciencedirect.com/science/article/pii/S0167819109000945},
author = {Anshu Dubey and Katie Antypas and Murali K. Ganapathy and Lynn B. Reid and Katherine Riley and Dan Sheeler and Andrew Siegel and Klaus Weide},
keywords = {Software architecture, Portability, Extensibility, Massively parallel, FLASH}
}

@article{supernova-simulation,
	doi = {10.1088/0004-637x/778/2/181},
	url = {https://doi.org/10.1088/0004-637x/778/2/181},
	year = 2013,
	month = {11},
	publisher = {American Astronomical Society},
	volume = {778},
	number = {2},
	pages = {181},
	author = {Sean M. Couch and Carlo Graziani and Norbert Flocke},
	title = {An Improved Multiple Approximation For Self-Gravity and Its Importance for Core-Collapse Supernova Simulations},
	journal = {The Astrophysical Journal}
}

@misc{ZEUS-homepage,
 title={Stone's Zeus Code Home Page},
 url={https://www.astro.princeton.edu/~jstone/zeus.html},
 journal={Princeton University},
 author={Stone, James M}
}

@misc{FLASH-userguide,
 title = {FLASH User's Guide},
 url = {https://flash.rochester.edu/site/flashcode/user_support/flash4_ug_4p62/},
 year = 2019,
 month = 10,
 journal = {Rochester University},
}

@misc{FLASH-gallery,
 title = {FLASH Center for Computational Science},
 url = {https://flash.rochester.edu/site/gallery/},
 journal = {Rochester University},
}
                  
@misc{Athena-gallery,
 title = {Athena Applications Page},
 url = {https://www.astro.princeton.edu/~jstone/Athena/athena-apps/index.html},
 journal={Princeton University},
 author={Stone, James M}
}

@manual{Athena-userguide,
  title = {Athena Documentation: User Guide},
 journal={Princeton University},
}

@manual{Athenapp-userguide,
  title        = {Athena++: User Guide},
journal={Princeton University},
}

@article{PLUTO-paper,
       author = {{Mignone}, A. and {Bodo}, G. and {Massaglia}, S. and {Matsakos}, T. and {Tesileanu}, O. and {Zanni}, C. and {Ferrari}, A.},
        title = "{{PLUTO}: A Numerical Code for Computational Astrophysics}",
      journal = {The Astrophysical Journal Supplement Series},
     keywords = {Hydrodynamics, Methods: Numerical, Magnetohydrodynamics: MHD, Relativity, Shock Waves, Astrophysics},
         year = 2007,
        month = {5},
       volume = {170},
       number = {1},
        pages = {228-242},
          doi = {10.1086/513316},
archivePrefix = {arXiv},
       eprint = {astro-ph/0701854},
 primaryClass = {astro-ph},
       adsurl = {https://ui.adsabs.harvard.edu/abs/2007ApJS..170..228M},
      adsnote = {Provided by the SAO/NASA Astrophysics Data System}
}

@ARTICLE{GADGET-paper,
       author = {{Springel}, Volker},
        title = {The cosmological simulation code {GADGET}-2},
      journal = {Monthly Notices of the Royal Astronomical Society},
     keywords = {methods: numerical, galaxies: interactions, dark matter, Astrophysics},
         year = 2005,
        month = 12,
       volume = {364},
       number = {4},
        pages = {1105-1134},
          doi = {10.1111/j.1365-2966.2005.09655.x},
archivePrefix = {arXiv},
       eprint = {astro-ph/0505010},
 primaryClass = {astro-ph},
       adsurl = {https://ui.adsabs.harvard.edu/abs/2005MNRAS.364.1105S},
      adsnote = {Provided by the SAO/NASA Astrophysics Data System}
}
                  
@manual{Enzo-userguide,
  title = {Welcome to Enzo's documentation!},
 journal = {The Enzo Project},
 url = {https://enzo.readthedocs.io/en/enzo-2.4/index.html}
}

@manual{Enzo-examples,
  title = {Sample inits and Enzo parameter files},
 journal = {The Enzo Project},
 url = {https://enzo.readthedocs.io/en/enzo-2.4/tutorials/SampleParameterFiles.html}
}
                  
@ARTICLE{Enzo-paper,
       author = {{O'Shea}, Brian W. and {Bryan}, Greg and {Bordner}, James and {Norman}, Michael L. and {Abel}, Tom and {Harkness}, Robert and {Kritsuk}, Alexei},
        title = "{Introducing Enzo, an AMR Cosmology Application}",
      journal = {arXiv e-prints},
     keywords = {Astrophysics},
         year = 2004,
        month = 3,
          eid = {astro-ph/0403044},
        pages = {astro-ph/0403044},
archivePrefix = {arXiv},
       eprint = {astro-ph/0403044},
 primaryClass = {astro-ph},
       adsurl = {https://ui.adsabs.harvard.edu/abs/2004astro.ph..3044O},
      adsnote = {Provided by the SAO/NASA Astrophysics Data System}
}
                  
@misc{superresolving-halos,
Author = {David Schaurecker and Yin Li and Jeremy Tinker and Shirley Ho and Alexandre Refregier},
Title = {Super-resolving Dark Matter Halos using Generative Deep Learning},
Year = {2021},
Eprint = {arXiv:2111.06393},
url = {https://arxiv.org/abs/2111.06393},
}
                  
@article{Illustris,
title = {The {I}llustris simulation: Public data release},
journal = {Astronomy and Computing},
volume = {13},
pages = {12-37},
year = {2015},
month = 9,
day = 30,
issn = {2213-1337},
doi = {https://doi.org/10.1016/j.ascom.2015.09.003},
url = {https://www.sciencedirect.com/science/article/pii/S2213133715000864},
author = {D. Nelson and A. Pillepich and S. Genel and M. Vogelsberger and V. Springel and P. Torrey and V. Rodriguez-Gomez and D. Sijacki and G.F. Snyder and B. Griffen and F. Marinacci and L. Blecha and L. Sales and D. Xu and L. Hernquist}
}
                  

@article{Arepo,
title={Moving-mesh hydrodynamics with the {AREPO} code},
volume={6},
DOI={10.1017/S1743921311000378},
number={S270},
journal={Proceedings of the International Astronomical Union},
publisher={Cambridge University Press},
author={Springel, Volker},
year={2010},
pages={203â€“206}
}

                  
@article{galaxy-formation-application,
  title={Cosmological simulations of galaxy formation},
  author={Vogelsberger, Mark and Marinacci, Federico and Torrey, Paul and Puchwein, Ewald},
  journal={Nature Reviews Physics},
  volume={2},
  number={1},
  pages={42--66},
  year={2020},
  publisher={Nature Publishing Group}
}
                  
@article{dark-matter-application,
  title={Dark matter halos in the standard cosmological model: Results from the bolshoi simulation},
  author={Klypin, Anatoly A and Trujillo-Gomez, Sebastian and Primack, Joel},
  journal={The Astrophysical Journal},
  volume={740},
  number={2},
  pages={102},
  year={2011},
  publisher={IOP Publishing}
}

@article{cosmological-expansion-application,
  title={Nonparametric reconstruction of the cosmic expansion with local regression smoothing and simulation extrapolation},
  author={Montiel, Ariadna and Lazkoz, Ruth and Sendra, Irene and Escamilla-Rivera, Celia and Salzano, Vincenzo},
  journal={Physical Review D},
  volume={89},
  number={4},
  pages={043007},
  year={2014},
  publisher={APS}
}
                  
@inproceedings{GAN,
 author = {Goodfellow, Ian and Pouget-Abadie, Jean and Mirza, Mehdi and Xu, Bing and Warde-Farley, David and Ozair, Sherjil and Courville, Aaron and Bengio, Yoshua},
 booktitle = {Advances in Neural Information Processing Systems},
 editor = {Z. Ghahramani and M. Welling and C. Cortes and N. Lawrence and K. Q. Weinberger},
 pages = {},
 publisher = {Curran Associates, Inc.},
 title = {Generative Adversarial Nets},
 url = {https://proceedings.neurips.cc/paper/2014/file/5ca3e9b122f61f8f06494c97b1afccf3-Paper.pdf},
 volume = {27},
 year = {2014}
}
                  
@article{GAN-explainer,
author = {Wood, Thomas},
title = {Generative Adversarial Network},
journal = {DeepAI},
url = {https://deepai.org/machine-learning-glossary-and-terms/generative-adversarial-network},
}
                  
@incollection{hyperparameter-importance,
  title={Hyperparameter optimization},
  author={Feurer, Matthias and Hutter, Frank},
  booktitle={Automated machine learning},
  pages={3--33},
  year={2019},
  publisher={Springer, Cham}
}
@misc{unet-adaptation-1,
  doi = {10.48550/ARXIV.2012.05472},
  url = {https://arxiv.org/abs/2012.05472},
  author = {Chen, Chang and Li, Yin and Villaescusa-Navarro, Francisco and Ho, Shirley and Pullen, Anthony},
  keywords = {Cosmology and Nongalactic Astrophysics (astro-ph.CO), Machine Learning (cs.LG), FOS: Physical sciences, FOS: Physical sciences, FOS: Computer and information sciences, FOS: Computer and information sciences},
  title = {Learning the Evolution of the Universe in N-body Simulations},
  publisher = {arXiv},
  year = {2020},
  copyright = {arXiv.org perpetual, non-exclusive license}
}
@misc{unet-adaptation-2,
  doi = {10.48550/ARXIV.1910.04255},
  url = {https://arxiv.org/abs/1910.04255},
  author = {Giusarma, Elena and Hurtado, Mauricio Reyes and Villaescusa-Navarro, Francisco and He, Siyu and Ho, Shirley and Hahn, ChangHoon},
  keywords = {Cosmology and Nongalactic Astrophysics (astro-ph.CO), Machine Learning (cs.LG), High Energy Physics - Phenomenology (hep-ph), FOS: Physical sciences, FOS: Physical sciences, FOS: Computer and information sciences, FOS: Computer and information sciences},
  title = {Learning neutrino effects in Cosmology with Convolutional Neural Networks},
  publisher = {arXiv},
  year = {2019},
  copyright = {arXiv.org perpetual, non-exclusive license}
}

@article{unet-adaptation-3,
author = {Siyu He  and Yin Li  and Yu Feng  and Shirley Ho  and Siamak Ravanbakhsh  and Wei Chen  and BarnabÃ¡s PÃ³czos },
title = {Learning to predict the cosmological structure formation},
journal = {Proceedings of the National Academy of Sciences},
volume = {116},
number = {28},
pages = {13825-13832},
year = {2019},
doi = {10.1073/pnas.1821458116},
URL = {https://www.pnas.org/doi/abs/10.1073/pnas.1821458116},
eprint = {https://www.pnas.org/doi/pdf/10.1073/pnas.1821458116},
}

@InProceedings{unet,
author="Ronneberger, Olaf and Fischer, Philipp and Brox, Thomas",
editor="Navab, Nassir and Hornegger, Joachim and Wells, William M. and Frangi, Alejandro F.",
title="U-Net: Convolutional Networks for Biomedical Image Segmentation",
booktitle="Medical Image Computing and Computer-Assisted Intervention -- MICCAI 2015",
year="2015",
publisher="Springer International Publishing",
address="Cham",
pages="234--241",
isbn="978-3-319-24574-4",
}
                  

@InProceedings{GAN-regularization,
  title = 	 {Which Training Methods for {GAN}s do actually Converge?},
  author =       {Mescheder, Lars and Geiger, Andreas and Nowozin, Sebastian},
  booktitle = 	 {Proceedings of the 35th International Conference on Machine Learning},
  pages = 	 {3481--3490},
  year = 	 {2018},
  editor = 	 {Dy, Jennifer and Krause, Andreas},
  volume = 	 {80},
  series = 	 {Proceedings of Machine Learning Research},
  month = 	 {10--15 Jul},
  publisher =    {PMLR},
  pdf = 	 {http://proceedings.mlr.press/v80/mescheder18a/mescheder18a.pdf},
  url = 	 {https://proceedings.mlr.press/v80/mescheder18a.html},
}

@inproceedings{spack,
author = {Gamblin, Todd and LeGendre, Matthew and Collette, Michael R. and Lee, Gregory L. and Moody, Adam and de Supinski, Bronis R. and Futral, Scott},
title = {The Spack Package Manager: Bringing Order to HPC Software Chaos},
year = {2015},
isbn = {9781450337236},
publisher = {Association for Computing Machinery},
address = {New York, NY, USA},
url = {https://doi.org/10.1145/2807591.2807623},
doi = {10.1145/2807591.2807623},
abstract = {Large HPC centers spend considerable time supporting software for thousands of users, but the complexity of HPC software is quickly outpacing the capabilities of existing software management tools. Scientific applications require specific versions of compilers, MPI, and other dependency libraries, so using a single, standard software stack is infeasible. However, managing many configurations is difficult because the configuration space is combinatorial in size.We introduce Spack, a tool used at Lawrence Livermore National Laboratory to manage this complexity. Spack provides a novel, recursive specification syntax to invoke parametric builds of packages and dependencies. It allows any number of builds to coexist on the same system, and it ensures that installed packages can find their dependencies, regardless of the environment. We show through real-world use cases that Spack supports diverse and demanding applications, bringing order to HPC software chaos.},
booktitle = {Proceedings of the International Conference for High Performance Computing, Networking, Storage and Analysis},
articleno = {40},
numpages = {12},
location = {Austin, Texas},
series = {SC '15}
}
